<record><leader>00000cas a2200000 a 4500</leader><controlfield tag="001">20727338</controlfield><controlfield tag="008">891204d18801885ohuwr ne      0    0eng c</controlfield><datafield ind1=" " ind2=" " tag="010"><subfield code="a">sn 89075149 </subfield></datafield><datafield ind1=" " ind2=" " tag="040"><subfield code="a">ONP</subfield><subfield code="b">eng</subfield><subfield code="c">ONP</subfield><subfield code="d">NVF</subfield><subfield code="d">OCLCQ</subfield><subfield code="d">OCLCF</subfield><subfield code="d">OCLCO</subfield></datafield><datafield ind1=" " ind2=" " tag="042"><subfield code="a">pcc</subfield></datafield><datafield ind1=" " ind2=" " tag="043"><subfield code="a">n-us-oh</subfield></datafield><datafield ind1="0" ind2="0" tag="245"><subfield code="a">West Unity eagle.</subfield></datafield><datafield ind1=" " ind2=" " tag="260"><subfield code="a">West Unity, Williams County, Ohio :</subfield><subfield code="b">C.F. &amp; J.W. Grisier,</subfield><subfield code="c">1880-1885.</subfield></datafield><datafield ind1=" " ind2=" " tag="300"><subfield code="a">v.</subfield></datafield><datafield ind1=" " ind2=" " tag="310"><subfield code="a">Weekly</subfield></datafield><datafield ind1="0" ind2=" " tag="362"><subfield code="a">Vol. 3, no. 26 (Sept. 8, 1880)-</subfield></datafield><datafield ind1="1" ind2=" " tag="362"><subfield code="a">Ceased in Feb. 1885.</subfield></datafield><datafield ind1=" " ind2="0" tag="651"><subfield code="a">West Unity (Ohio)</subfield><subfield code="v">Newspapers.</subfield></datafield><datafield ind1=" " ind2="7" tag="655"><subfield code="a">Newspapers.</subfield><subfield code="2">fast</subfield><subfield code="0">(OCoLC)fst01423814</subfield></datafield><datafield ind1=" " ind2="7" tag="651"><subfield code="a">Ohio</subfield><subfield code="z">West Unity.</subfield><subfield code="2">fast</subfield><subfield code="0">(OCoLC)fst01234364</subfield></datafield><datafield ind1=" " ind2=" " tag="752"><subfield code="a">United States</subfield><subfield code="b">Ohio</subfield><subfield code="c">Williams</subfield><subfield code="d">West Unity.</subfield></datafield><datafield ind1="0" ind2="0" tag="780"><subfield code="t">Unity eagle</subfield><subfield code="w">(DLC)sn 89075143</subfield></datafield><datafield ind1="0" ind2="0" tag="785"><subfield code="t">Eagle (West Unity, Ohio)</subfield><subfield code="w">(DLC)sn 89075079</subfield></datafield></record>